@article{CSF1,
  year = {2011},
  publisher = {Inderscience Publishers},
  volume = {5},
  number = {1},
  pages = {44},
  author = {Chih Cheng Lin and Zheng Ma and Robin Chiu Pin Lin},
  title = {Re-examining the Critical Success Factors of e-learning from  the {EU} perspective},
  journal = {International Journal of Management in Education}
}

@article{2,
  year = {2007},
  month = sep,
  publisher = {Elsevier {BV}},
  volume = {49},
  number = {2},
  pages = {396--413},
  author = {Hassan M. Selim},
  title = {Critical success factors for e-learning acceptance: Confirmatory factor models},
  journal = {Computers {\&} Education}
}
@Misc{gamif,
    author = {Gabriela Kiryakova and Nadezhda Angelova and Lina Yordanova},
    title = {GAMIFICATION IN EDUCATION}, 
    
}
